<record><leader>00000cas a2200000 a 4500</leader><controlfield tag="001">50263662</controlfield><controlfield tag="008">020730d194519uunyuwr ne      0    0ita c</controlfield><datafield ind1=" " ind2=" " tag="010"><subfield code="a">sn2007059020</subfield><subfield code="z">sn2002061504</subfield></datafield><datafield ind1=" " ind2=" " tag="040"><subfield code="a">NYS</subfield><subfield code="b">eng</subfield><subfield code="c">NYS</subfield><subfield code="d">OCLCQ</subfield><subfield code="d">DLC</subfield><subfield code="d">OCLCQ</subfield><subfield code="d">OCLCF</subfield><subfield code="d">OCL</subfield><subfield code="d">OCLCO</subfield></datafield><datafield ind1=" " ind2=" " tag="037"><subfield code="b">41 Union Square, New York, NY</subfield></datafield><datafield ind1="0" ind2=" " tag="041"><subfield code="a">itaeng</subfield></datafield><datafield ind1=" " ind2=" " tag="042"><subfield code="a">pcc</subfield></datafield><datafield ind1=" " ind2=" " tag="043"><subfield code="a">n-us-ny</subfield></datafield><datafield ind1="0" ind2="2" tag="245"><subfield code="a">L' Italia d'oggi.</subfield></datafield><datafield ind1=" " ind2=" " tag="260"><subfield code="a">New York, N.Y. :</subfield><subfield code="b">Giuseppi Berti and Ambrogio Donini,</subfield><subfield code="c">1945-</subfield></datafield><datafield ind1=" " ind2=" " tag="300"><subfield code="a">v. :</subfield><subfield code="b">ill. ;</subfield><subfield code="c">44 cm.</subfield></datafield><datafield ind1=" " ind2=" " tag="310"><subfield code="a">Weekly</subfield></datafield><datafield ind1="0" ind2=" " tag="362"><subfield code="a">Vol. 1, no. 1 (1 genn. 1945)-</subfield></datafield><datafield ind1=" " ind2=" " tag="500"><subfield code="a">"Bolletino settimanale d' informazione sull' Italia e sui problemi italiani," 1945.</subfield></datafield><datafield ind1=" " ind2=" " tag="500"><subfield code="a">Published and edited by Giuseppe Berti and Ambrogio Donini.</subfield></datafield><datafield ind1=" " ind2=" " tag="546"><subfield code="a">In Italian with one page in English.</subfield></datafield><datafield ind1=" " ind2="0" tag="651"><subfield code="a">Italy</subfield><subfield code="x">Politics and government</subfield><subfield code="y">1914-1945.</subfield></datafield><datafield ind1=" " ind2="0" tag="650"><subfield code="a">Italians</subfield><subfield code="z">United States</subfield><subfield code="v">Newspapers.</subfield></datafield><datafield ind1=" " ind2="0" tag="650"><subfield code="a">World War, 1939-1945</subfield><subfield code="x">Refugees</subfield><subfield code="z">United States</subfield><subfield code="v">Newspapers.</subfield></datafield><datafield ind1=" " ind2="0" tag="650"><subfield code="a">Political refugees</subfield><subfield code="z">United States</subfield><subfield code="v">Newspapers.</subfield></datafield><datafield ind1=" " ind2="0" tag="651"><subfield code="a">New York (N.Y.)</subfield><subfield code="v">Newspapers.</subfield></datafield><datafield ind1=" " ind2="0" tag="651"><subfield code="a">New York County (N.Y.)</subfield><subfield code="v">Newspapers.</subfield></datafield><datafield ind1="2" ind2="7" tag="611"><subfield code="a">World War (1939-1945)</subfield><subfield code="2">fast</subfield><subfield code="0">(OCoLC)fst01180924</subfield></datafield><datafield ind1=" " ind2="7" tag="650"><subfield code="a">Italians.</subfield><subfield code="2">fast</subfield><subfield code="0">(OCoLC)fst00980750</subfield></datafield><datafield ind1=" " ind2="7" tag="650"><subfield code="a">Political refugees.</subfield><subfield code="2">fast</subfield><subfield code="0">(OCoLC)fst01069678</subfield></datafield><datafield ind1=" " ind2="7" tag="650"><subfield code="a">Politics and government</subfield><subfield code="2">fast</subfield><subfield code="0">(OCoLC)fst01919741</subfield></datafield><datafield ind1=" " ind2="7" tag="650"><subfield code="a">Refugees.</subfield><subfield code="2">fast</subfield><subfield code="0">(OCoLC)fst01092797</subfield></datafield><datafield ind1=" " ind2="7" tag="651"><subfield code="a">Italy.</subfield><subfield code="2">fast</subfield><subfield code="0">(OCoLC)fst01204565</subfield></datafield><datafield ind1=" " ind2="7" tag="651"><subfield code="a">New York (State)</subfield><subfield code="z">New York.</subfield><subfield code="2">fast</subfield><subfield code="0">(OCoLC)fst01204333</subfield></datafield><datafield ind1=" " ind2="7" tag="651"><subfield code="a">New York (State)</subfield><subfield code="z">New York County.</subfield><subfield code="2">fast</subfield><subfield code="0">(OCoLC)fst01234953</subfield></datafield><datafield ind1=" " ind2="7" tag="651"><subfield code="a">United States.</subfield><subfield code="2">fast</subfield><subfield code="0">(OCoLC)fst01204155</subfield></datafield><datafield ind1=" " ind2="7" tag="648"><subfield code="a">1914 - 1945</subfield><subfield code="2">fast</subfield></datafield><datafield ind1=" " ind2="7" tag="655"><subfield code="a">Newspapers.</subfield><subfield code="2">fast</subfield><subfield code="0">(OCoLC)fst01423814</subfield></datafield><datafield ind1="1" ind2=" " tag="700"><subfield code="a">Berti, Giuseppe,</subfield><subfield code="d">1901-</subfield></datafield><datafield ind1="1" ind2=" " tag="700"><subfield code="a">Donini, Ambrogio.</subfield></datafield><datafield ind1=" " ind2=" " tag="752"><subfield code="a">United States</subfield><subfield code="b">New York</subfield><subfield code="c">New York</subfield><subfield code="d">New York.</subfield></datafield></record>